%JOURNALS & CONFERENCES
@STRING{ACC  = {{American Control Conference}}}
@STRING{AUT  = {{Automatica}}}
@STRING{CDC  = {{IEEE Conference on Decision and Control}}}
@STRING{CSM  = {{IEEE Control Systems Magazine}}}
@STRING{CST  = {{IEEE Transactions on Control System Thechnology}}}
@STRING{DMC  = {{Journal of Dynamic Systems, Measurement and Control}}}
@STRING{GNC  = {{AIAA Guidance, Navigation and Control Conference}}}
@STRING{IAC  = {{IRE Transactions on Automatic Control}}}
@STRING{IJA  = {{International Journal of Adaptive Control and Signal Processing}}}
@STRING{IJC  = {{International Journal of Control}}}
@STRING{IJSC = {{International Journal of Systems Science}}}
@STRING{JRR  = {{International Journal of Robotics Research}}}
@STRING{IJRNC= {{International Journal of Robust and Nonlinear Control}}}
@STRING{JA   = {{Journal of Aircraft}}}
@STRING{JGCD = {{Journal of Guidance, Control and Dynamics}}}
@STRING{JPP  = {{Journal of Propulsion and Power}}}
@STRING{SCL  = {{Systems \& Control Letters}}}
@STRING{SJC  = {{SIAM Journal of Control}}}
@STRING{SMC  = {{IEEE Transactions on Systems, Man and Cybernetics}}}
@STRING{TAC  = {{IEEE Transactions on Automatic Control}}}
@STRING{TCS  = {{IEEE Transactions on Circuits and Systems}}}
@STRING{TIT  = {{IEEE Transactions on Information Theory}}}
@STRING{TNN  = {{IEEE Transactions on Neural Networks}}}
@STRING{TEC  = {{IEEE Transactions on Evolutionary Computation}}}
@STRING{TRA  = {{IEEE Transactions on Robotics and Automation}}}
@STRING{JOTA = {{Journal of Optimization Theory and Applications}}}


%%%%%%%%%%%%%VISION BASED COLLISION AVOIDANCE%%%%%%%%%%%%%%%%

@MISC{NextGen_ConOps,
  TITLE = "Concept of Operations for the {N}ext {G}eneration {A}ir {T}ransportation {S}ystem",
  MONTH = "Version 3.2, September",
  YEAR = "2010",
  HOWPUBLISHED = "{Joint Planning and Development Office}",
  NOTE = "Available at \url{http://www.jpdo.gov/library.asp}"
}

@MISC{FAA_UAS,
  TITLE = "Integration of Civil {Unmanned Aircraft Systems} ({UAS}) in the {National Airspace System} ({NAS}) Roadmap",
  MONTH = "First Edition, November",
  YEAR = "2013",
  HOWPUBLISHED = "{U.S. Department of Transportation, Federal Aviation Administration}",
  NOTE = "Available at \url{http://www.faa.gov/about/initiatives/uas/}"
}

@INPROCEEDINGS{JPL87_moravec_workshop,
  AUTHOR = "Hans Moravec",
  TITLE = "Certainty Grids for Mobile Robots",
  BOOKTITLE = "Proceedings of the {NASA/JPL} Space Telerobotics Workshop",
  VOLUME = "1",
  PAGES = "307--312",
  MONTH = "January",
  YEAR = "1987"
}

@ARTICLE{TRA91_borenstein,
  AUTHOR = "Johann Borenstein and Yorem Koren",
  TITLE = "The Vector Field Histogram-fast Obstacle Avoidance for Mobile Robots",
  JOURNAL = TRA,
  VOLUME = "7",
  NUMBER = "3",
  PAGES = "278--288",
  MONTH = "June",
  YEAR = "1991"
}

@INPROCEEDINGS{CDC06_carbone,
  AUTHOR = "Ciro Carbone and Umberto Ciniglio and Federico Corraro and Salvatore Luongo",
  TITLE = "A Novel {3D} Geometric Algorithm for Aircraft Autonomous Collision Avoidance",
  BOOKTITLE = CDC,
  VOLUME = "",
  PAGES = "1580--1585",
  MONTH = "December",
  YEAR = "2006"
}

@ARTICLE{carbone08,
  AUTHOR = "Giancarmine Fasano and Domenico Accardo and Antonio Moccia and Ciro Carbone and Umberto Ciniglio and Federico Corraro and Salvatore Luongo",
  TITLE = "Multi-Sensor-Based Fully Autonomous Non-Cooperative Collision Avoidance System for Unmanned Air Vehicles",
  JOURNAL = "Journal of Aerospace Computing Information and Communication",
  VOLUME = "5",
  NUMBER = "10",
  PAGES = "338--360",
  YEAR = "2008"
}

@INPROCEEDINGS{smith08,
  AUTHOR = "Austin Smith and Dennis Coulter and Christopher Jones",
  TITLE = "{UAS} Collision Encounter Modeling and Avoidance Algorithm Development for Simulating Collision Avoidance",
  BOOKTITLE = "{AIAA} Modeling and Simulation Technologies Conference and Exhibit",
  MONTH = "August",
  NOTE = "{AIAA}-2008-7043",
  ADDRESS = "Honolulu, HI",
  YEAR = "2008"
}

@ARTICLE{JOTA77_leitmann,
  AUTHOR = "George Leitmann and Janislaw M. Skowronski",
  TITLE = "Avoidance Control",
  JOURNAL = JOTA,
  VOLUME = "23",
  NUMBER = "",
  PAGES = "581--591",
  MONTH = "",
  YEAR = "1977"
}

@ARTICLE{khatib86,
  AUTHOR = "Oussama Khatib",
  TITLE = "Real-Time Obstacle Avoidance for Manipulators and Mobile Robot",
  JOURNAL = "International Journal of Robotics Research",
  VOLUME = "5",
  NUMBER = "1",
  PAGES = "90--98",
  MONTH = "Spring",
  YEAR = "1986"
}

@ARTICLE{khatib96,
	AUTHOR = {Oussama Khatib and Kazuhito Yokoi and Kyong-Sok Chang and Diego Ruspini and Robert Holmberg and Aim\'{e}e Casal},
	TITLE = {Coordination and Decentralized Cooperation of Multiple Mobile Manipulators},
	JOURNAL = {Journal of Robotic Systems},
	VOLUME = {13},
	NUMBER = {11},
	PAGES = {755--764},
    MONTH = "November",
	YEAR = {1996}
}

@ARTICLE{khatib99,
  AUTHOR = "Oussama Khatib and Kazuhito Yokoi and Oliver Brock and Kyong-Sok Chang and Aim\'{e}e Casal",
  TITLE = "Robots in Human Environments: Basic Autonomous Capabilities",
  JOURNAL = "International Journal of Robotics Research",
  VOLUME = "18",
  NUMBER = "7",
  PAGES = "684--696",
  MONTH = "July",
  YEAR = "1999"
}

@ARTICLE{chakravarthy98,
  AUTHOR = "Animesh Chakravarthy and Debasish Ghose",
  TITLE = "Obstacle Avoidance in a Dynamic Environment: A Collision Cone Approach",
  JOURNAL = SMC,
  VOLUME = "28",
  NUMBER = "5",
  PAGES = "562--574",
  MONTH = "September",
  YEAR = "1998"
}

@article{wang2007cooperative,
  title={Cooperative UAV formation flying with obstacle/collision avoidance},
  author={Wang, Xiaohua and Yadav, Vivek and Balakrishnan, SN},
  journal={Control Systems Technology, IEEE Transactions on},
  volume={15},
  number={4},
  pages={672--679},
  year={2007},
  publisher={IEEE}
}

@inproceedings{han2004proportional,
  title={Proportional navigation-based optimal collision avoidance for uavs},
  author={Han, Su-Cheol and Bang, Hyochoong},
  booktitle={2nd International Conference on Autonomous Robots and Agents},
  pages={13--15},
  year={2004}
}


%%%%%%%%%%%%%%%%%%%%%%%%%%%%%%%%

@ARTICLE{sti10,
  AUTHOR =       {Du\v{s}an M. Stipanovi\'{c} and Arik Melikyan and Naira Hovakimyan},
  TITLE =        "Guaranteed Strategies for Nonlinear Multi-Player Pursuit-Evasion Games",
  JOURNAL =      {International Game Theory Review},
  YEAR =         {2010},
  volume =       {12},
  pages =        {1--17}
  }

@incollection{shankaran2011collision,
  title={Collision Avoidance Strategies for a Three-Player Game},
  author={Shankaran, Sriram and Stipanovi{\'c}, Du{\v{s}}an M and Tomlin, Claire J},
  booktitle={Advances in Dynamic Games},
  pages={253--271},
  year={2011},
  publisher={Springer}
}

@book{isaacs1999differential,
  title={Differential games: a mathematical theory with applications to warfare and pursuit, control and optimization},
  author={Isaacs, Rufus},
  year={1999},
  publisher={Courier Corporation}
}

@article{elfes1989using,
  title={Using occupancy grids for mobile robot perception and navigation},
  author={Elfes, Alberto},
  journal={Computer},
  volume={22},
  number={6},
  pages={46--57},
  year={1989},
  publisher={IEEE}
}

@inproceedings{mikaCA,
  title     = "Vision--Based Dynamic Coverage Control for Nonholonomic Agents",
  author    = {Dimitra Panagou and Du\v{s}an M. Stipanovi{\' c} and Petros G. Voulgaris},
  booktitle = {Proceedings of the 53rd IEEE Conference on Decision and Control},
  year      = {2014},
  month     = {December},
  address   = {Los Angeles, CA, USA},
  organization = {IEEE}
}

@inproceedings{rodriguez2011collision,
  title={Collision avoidance control with sensing uncertainties},
  author={Rodriguez-Seda, EJ and Stipanovic, Du{\v{s}}an M and Spong, Mark W},
  booktitle={American Control Conference (ACC), 2011},
  pages={3363--3368},
  year={2011},
  organization={IEEE}
}

@article{hexsel2013distributed,
  title={Distributed coverage control for mobile anisotropic sensor networks},
  author={Hexsel, Bruno and Chakraborty, Nilanjan and Sycara, Katia},
  year={January 2013},
  journal ={Robotics Institute, Pittsburgh, PA, Tech. Rep. CMU-RI-TR-13-01}
}

@inproceedings{gusrialdi2008coverage,
  title={Coverage control for mobile networks with limited-range anisotropic sensors},
  author={Gusrialdi, Azwirman and Hatanaka, Takeshi and Fujita, Masayuki},
  booktitle={Decision and Control, 2008. CDC 2008. 47th IEEE Conference on},
  pages={4263--4268},
  year={2008},
  organization={IEEE}
}

@inproceedings{laventall2008coverage,
  title={Coverage control by robotic networks with limited-range anisotropic sensory},
  author={Laventall, Katie and Cort{\'e}s, Jorge},
  booktitle={American Control Conference, 2008},
  pages={2666--2671},
  year={2008},
  organization={IEEE}
}

@article{shakernia2005passive,
  title={Passive ranging for UAV sense and avoid applications},
  author={Shakernia, Omid and Chen, Won-Zon and Raska, Vincent M},
  journal={AIAA’s Infotech at Aerospace},
  year={2005}
}

@inproceedings{voos2007uav,
  title={UAV “see and avoid” with nonlinear filtering and non-cooperative avoidance},
  author={Voos, Holger},
  booktitle={Proc. 13th IASTED Int. Conf. Robotics and Applications. Wurzburg, Germany},
  year={2007}
}

@phdthesis{degen2011reactive,
  title={Reactive image-based collision avoidance system for unmanned aircraft systems},
  author={Degen, Shane C},
  year={2011},
  school={Queensland University of Technology}
}

@inproceedings{albaker2010unmanned,
  title={Unmanned aircraft collision detection and resolution: concept and survey},
  author={Albaker, BM and Rahim, NA},
  booktitle={Industrial Electronics and Applications (ICIEA), 2010 the 5th IEEE Conference on},
  pages={248--253},
  year={2010},
  organization={IEEE}
}

@inproceedings{kochenderfer2008hazard,
  title={Hazard alerting using line-of-sight rate},
  author={Kochenderfer, Mykel J and Griffith, J Daniel and Kuchar, James K},
  booktitle={AIAA Guidance, Navigation, and Control Conference and Exhibit},
  year={2008}
}

@article{rozantsev2014flying,
  title={Flying Objects Detection from a Single Moving Camera},
  author={Rozantsev, Artem and Lepetit, Vincent and Fua, Pascal},
  journal={arXiv preprint arXiv:1411.7715},
  year={2014}
}

@misc{kurohmaru2005area,
  title={Area expansion apparatus, area expansion method, and area expansion program},
  author={Kurohmaru, Miki},
  year={2005},
  month=aug # "~23",
  publisher={Google Patents},
  note={US Patent 6,934,336}
}

@inproceedings{george2009reactive,
  title={A reactive inverse PN algorithm for collision avoidance among multiple unmanned aerial vehicles},
  author={George, Joel and Ghose, Debasish},
  booktitle={American Control Conference, 2009. ACC'09.},
  pages={3890--3895},
  year={2009},
  organization={IEEE}
}

@misc{PerceptiVU,
  title={The PerceptiVU Target Tracking Software, PerceptiVU Inc.},
  author={},
  booktitle={http://www.PerceptiVU.com},
  pages={},
  year={},
  organization={IEEE}
}

@inproceedings{karhoff2006eyes,
  title={Eyes in the domestic sky: an assessment of sense and avoid technology for the army's" Warrior" unmanned aerial vehicle},
  author={Karhoff, Brian C and Limb, Jason I and Oravsky, SW and Shephard, Alfred D},
  booktitle={Systems and Information Engineering Design Symposium, 2006 IEEE},
  pages={36--42},
  year={2006},
  organization={IEEE}
}

@article{dobrokhodov2008vision,
  title={Vision-based tracking and motion estimation for moving targets using unmanned air vehicles},
  author={Dobrokhodov, Vladimir and Kaminer, Isaac and Jones, Kevin and Ghabcheloo, Reza},
  journal={Journal of guidance, control, and dynamics},
  volume={31},
  number={4},
  pages={907--917},
  year={2008}
}

@inproceedings{cichellacooperative,
  title={Cooperative Vision Based Tracking of Multiple UAVs},
  author={Cichella, Venanzio and Kaminer, Isaac and Dobrokhodov, Vladimir and Hovakimyan, Naira},
  booktitle={AIAA Guidance, Navigation, and Control Conference and Exhibit},
  year={2013}
}

@article{sivaraman2013looking,
  title={Looking at vehicles on the road: A survey of vision-based vehicle detection, tracking, and behavior analysis},
  author={Sivaraman, Sayanan and Trivedi, Mohan Manubhai},
  journal={Intelligent Transportation Systems, IEEE Transactions on},
  volume={14},
  number={4},
  pages={1773--1795},
  year={2013},
  publisher={IEEE}
}

@article{guvensan2011coverage,
  title={On coverage issues in directional sensor networks: A survey},
  author={Guvensan, M Amac and Yavuz, A Gokhan},
  journal={Ad Hoc Networks},
  volume={9},
  number={7},
  pages={1238--1255},
  year={2011},
  publisher={Elsevier}
}


@article{rathod2013autonomous,
  title={An autonomous driverless car: an idea to overcome the urban road challenges},
  author={Rathod, Sheetal Ds},
  journal={Journal of Information Engineering and Applications},
  volume={3},
  number={13},
  pages={34--38},
  year={2013}
}
@article{BarryT14,
  author    = {Andrew J. Barry and
               Russ Tedrake},
  title     = {Pushbroom Stereo for High-Speed Navigation in Cluttered Environments},
  journal   = {CoRR},
  volume    = {abs/1407.7091},
  year      = {2014},
  url       = {http://arxiv.org/abs/1407.7091},
  timestamp = {Fri, 01 Aug 2014 13:50:01 +0200},
  biburl    = {http://dblp.uni-trier.de/rec/bib/journals/corr/BarryT14},
  bibsource = {dblp computer science bibliography, http://dblp.org}
}

@article{lee1976theory,
  title={A theory of visual control of braking based on information about time-to-collision.},
  author={Lee, David N},
  journal={Perception},
  number={5},
  pages={437--59},
  year={1976}
}

@article{lee1980optic,
  title={The optic flow field: The foundation of vision [and discussion]},
  author={Lee, Denis N and Kalmus, H},
  journal={Philosophical Transactions of the Royal Society B: Biological Sciences},
  volume={290},
  number={1038},
  pages={169--179},
  year={1980},
  publisher={The Royal Society}
}

@article{autodev2014,
title = "{Policy on Automated Vehicle Development}",
HOWPUBLISHED = "{U.S. Department of Transportation, National Highway Traffic Safety Administration}",
year = {2014},
NOTE = "Available at \url{http://www.nhtsa.gov/staticfiles/rulemaking/pdf/Automated_Vehicles_Policy.pdf}"
}

@article{FAAaccd2010,
title = "{FAA UAS Accident and Incident Preliminary Reports}",  
HOWPUBLISHED = "{U.S. Department of Transportation, Federal Aviation Administration}",
year = {2010-2014},
NOTE = "Available at \url{http://www.asias.faa.gov/pls/apex/f?p=100:446:0::NO:446::}"
}

@ARTICLE{1014675, 
author={Waldmann, J.}, 
journal={Control Systems Technology, IEEE Transactions on}, 
title={Line-of-sight rate estimation and linearizing control of an imaging seeker in a tactical missile guided by proportional navigation}, 
year={2002}, 
volume={10}, 
number={4}, 
pages={556-567}, 
keywords={Kalman filters;Monte Carlo methods;feedback;filtering theory;imaging;linearisation techniques;missile guidance;2-DOF rate gyro;3D interception tasks;EKF;LOS rate;Monte Carlo simulation;acceleration commands;canards;cruciform missile;extended Kalman filter;filtering;image sequence;imaging seeker;line-of-sight rate estimation;linearizing control;linearizing feedback control law;low-cost strapdown inertial unit;motion decoupling;proportional navigation;rollerons;seeker gimbals;tactical missile;target tracking;visual information;Acceleration;Accelerometers;Displacement measurement;Feedback control;Filtering;Filters;Image sequences;Missiles;Motion estimation;Navigation}, 
doi={10.1109/TCST.2002.1014675}, 
ISSN={1063-6536}, 
month={Jul},}